<?xml version="1.0" encoding="UTF-8"?><collection xmlns="http://www.loc.gov/MARC21/slim"><record><leader>00616nam--2200157-i-4500</leader><controlfield tag="001">000004447</controlfield><controlfield tag="002">20161230</controlfield><controlfield tag="005">20170208171224</controlfield><controlfield tag="008">060222s1000------------r-----000-0-eng-d</controlfield><datafield ind1=" " ind2=" " tag="100"><subfield code="a">Butta, Enzo</subfield></datafield><datafield ind1=" " ind2=" " tag="245"><subfield code="a">Effetti della composizione, delle condizioni d i trattamento e delle cariche sulle proprieta maccaniche dinamiche e sulla struttura di resi ne fenolo-formaldeide. pubblicaz.della fac.d i ng.di pisa, serie XVIII, no.855</subfield></datafield><datafield ind1=" " ind2=" " tag="260"><subfield code="a">Pisa</subfield><subfield code="c">1958</subfield></datafield><datafield ind1=" " ind2=" " tag="300"><subfield code="a">6 p. + 5 Fig</subfield></datafield><datafield ind1=" " ind2=" " tag="490"><subfield code="a">Extras Din Rev. La Chimica E L Industria Anno Xl-settembre 1958</subfield></datafield><datafield ind1=" " ind2=" " tag="700"><subfield code="a">Baccaredda, M</subfield></datafield><datafield ind1=" " ind2=" " tag="CAT"><subfield code="a">SYS</subfield><subfield code="c">20170208</subfield><subfield code="h">171224</subfield></datafield></record></collection>